%% This BibTeX bibliography file was created using BibDesk.
%% http://bibdesk.sourceforge.net/


%% Created for Raquel Fernandez at 2018-11-26 17:19:46 +0100 


%% Saved with string encoding Unicode (UTF-8) 


@book{ludlow2014living,
	Author = {Ludlow, Peter},
	Date-Added = {2018-02-20 19:47:33 +0000},
	Date-Modified = {2018-02-20 19:47:53 +0000},
	Publisher = {Oxford University Press},
	Title = {Living Words: Meaning Underdetermination and the Dynamic Lexicon},
	Year = 2014}

@article{brennan1996conceptual,
	Author = {Brennan, Susan E. and Clark, Herbert H.},
	Date-Added = {2018-02-20 19:08:34 +0000},
	Date-Modified = {2018-02-20 19:08:34 +0000},
	Journal = {Journal of Experimental Psychology: Learning, Memory, and Cognition},
	Number = {6},
	Pages = {1482},
	Publisher = {American Psychological Association},
	Title = {Conceptual pacts and lexical choice in conversation.},
	Volume = {22},
	Year = {1996}}

@article{artstein2008inter,
	Author = {Artstein, Ron and Poesio, Massimo},
	Journal = {Computational Linguistics},
	Number = {4},
	Pages = {555--596},
	Publisher = {MIT Press},
	Title = {Inter-coder agreement for computational linguistics},
	Volume = {34},
	Year = {2008}}

@inproceedings{azarbonyad2017words,
	Author = {Azarbonyad, Hosein and Dehghani, Mostafa and Beelen, Kaspar and Arkut, Alexandra and Marx, Maarten and Kamps, Jaap},
	Booktitle = {Proceedings of the 2017 ACM on Conference on Information and Knowledge Management},
	Organization = {ACM},
	Pages = {1509--1518},
	Title = {Words are Malleable: Computing Semantic Shifts in Political and Media Discourse},
	Year = {2017}}

@inproceedings{boleda2012regular,
	Author = {Boleda, Gemma and Pad{\'o}, Sebastian and Utt, Jason},
	Booktitle = {Proceedings of the First Joint Conference on Lexical and Computational Semantics-Volume 1: Proceedings of the main conference and the shared task, and Volume 2: Proceedings of the Sixth International Workshop on Semantic Evaluation},
	Organization = {Association for Computational Linguistics},
	Pages = {151--160},
	Title = {Regular polysemy: A distributional model},
	Year = {2012}}

@book{Clark96,
	Author = {Clark, Herbert H.},
	Date-Added = {2017-04-11 21:27:12 +0000},
	Date-Modified = {2017-04-11 21:27:12 +0000},
	Publisher = {Cambridge University Press},
	Title = {Using language},
	Year = {1996}}

@article{cartson2010,
	Author = {Robyn Cartson},
	Date-Added = {2018-02-19 20:16:34 +0000},
	Date-Modified = {2018-02-19 20:17:43 +0000},
	Journal = {Italian Journal of Linguistics},
	Number = {1},
	Pages = {153-180},
	Title = {Lexical pragmatics, ad hoc concepts and metaphor: A Relevance Theory perspective},
	Volume = {22},
	Year = {2010}}

@inproceedings{danescu2013no,
	Author = {Danescu-Niculescu-Mizil, Cristian and West, Robert and Jurafsky, Dan and Leskovec, Jure and Potts, Christopher},
	Booktitle = {Proceedings of the 22nd international conference on World Wide Web},
	Keywords = {diachronic, blog, linguistic innovation, online communities},
	Organization = {ACM},
	Pages = {307--318},
	Title = {No country for old members: User lifecycle and linguistic change in online communities},
	Year = {2013}}

@inproceedings{del2016assessing,
	Author = {Del Tredici, Marco and Bel, Nuria},
	Booktitle = {LREC},
	Title = {Assessing the Potential of Metaphoricity of verbs using corpus data.},
	Year = {2016}}

@article{del2016tracing,
	Author = {Del Tredici, Marco and Nissim, Malvina and Zaninello, Andrea},
	Journal = {arXiv preprint arXiv:1611.03279},
	Title = {Tracing metaphors in time through self-distance in vector spaces},
	Year = {2016}}

@inproceedings{del2017semantic,
	Author = {Del Tredici, Marco and Fern{\'a}ndez, Raquel},
	Booktitle = {IWCS 2017-12th International Conference on Computational Semantics-Long papers},
	Title = {Semantic Variation in Online Communities of Practice},
	Year = {2017}}

@inproceedings{del2018road,
	Author = {Del Tredici, Marco and Fern{\'a}ndez, Raquel},
	Booktitle = {COLING 2018-27th International Conference on Computational Linguistics-Long papers},
	Title = {The Road to Success: Assessing the Fate of Linguistic Innovations in Online Communities},
	Year = {2018}}

@inproceedings{dunn2014measuring,
	Author = {Dunn, Jonathan},
	Booktitle = {Proceedings of the 52nd Annual Meeting of the Association for Computational Linguistics (Volume 2: Short Papers)},
	Pages = {745--751},
	Title = {Measuring metaphoricity},
	Volume = {2},
	Year = {2014}}

@inproceedings{eckert-mcconnellginet1992,
	Author = {Penelope Eckert and Sally McConnell-Ginet},
	Booktitle = {Locating Power, Proceedings of the 1992 Berkeley Women and Language Conference},
	Date-Added = {2017-03-30 09:49:39 +0000},
	Date-Modified = {2017-03-30 09:54:13 +0000},
	Editor = {Kira Hall and Mary Bucholtz and Birch Moonwomon},
	Pages = {89--99},
	Title = {Communities of practice: Where language, gender, and power all live},
	Year = {1992}}

@article{feltgen2017frequency,
	Author = {Feltgen, Quentin and Fagard, Benjamin and Nadal, J-P},
	Journal = {Royal Society open science},
	Number = {11},
	Pages = {170830},
	Publisher = {The Royal Society},
	Title = {Frequency patterns of semantic change: corpus-based evidence of a near-critical dynamics in language change},
	Volume = {4},
	Year = {2017}}

@article{guille2013information,
	Author = {Guille, Adrien and Hacid, Hakim and Favre, Cecile and Zighed, Djamel A},
	Journal = {ACM Sigmod Record},
	Number = {2},
	Pages = {17--28},
	Publisher = {ACM},
	Title = {Information diffusion in online social networks: A survey},
	Volume = {42},
	Year = {2013}}

@inproceedings{gulordava2011distributional,
	Author = {Gulordava, Kristina and Baroni, Marco},
	Booktitle = {Proceedings of the GEMS 2011 Workshop on GEometrical Models of Natural Language Semantics},
	Keywords = {long term diachronic change},
	Organization = {Association for Computational Linguistics},
	Pages = {67--71},
	Title = {A distributional similarity approach to the detection of semantic change in the Google Books Ngram corpus},
	Year = {2011}}

@article{hamilton2016diachronic,
	Author = {Hamilton, William L and Leskovec, Jure and Jurafsky, Dan},
	Journal = {arXiv preprint arXiv:1605.09096},
	Keywords = {long term diachronic change},
	Title = {Diachronic Word Embeddings Reveal Statistical Laws of Semantic Change},
	Year = {2016}}

@inproceedings{hamilton2017loyalty,
	Author = {Hamilton, William L and Zhang, Justine and Danescu-Niculescu-Mizil, Cristian and Jurafsky, Dan and Leskovec, Jure},
	Booktitle = {Proceedings of the eleventh International Conference on Web and Social Media},
	Title = {Loyalty in online communities},
	Year = {2017}}

@article{harris1954distributional,
	Author = {Harris, Zellig S},
	Journal = {Word},
	Number = {2-3},
	Pages = {146--162},
	Publisher = {Taylor \& Francis},
	Title = {Distributional structure},
	Volume = {10},
	Year = {1954}}

@book{hasan2009,
	Author = {Hasan, Ruqaiya},
	Publisher = {Equinox London},
	Title = {Semantic variation: Meaning in society and in sociolinguistics},
	Year = {2009}}

@inproceedings{herbelot2015mr,
	Author = {Herbelot, Aur{\'e}lie},
	Booktitle = {Proceedings of the 11th International Conference on Computational Semantics},
	Pages = {151--161},
	Title = {Mr Darcy and Mr Toad, gentlemen: distributional names and their kinds},
	Year = {2015}}

@inproceedings{jatowt2014framework,
	Author = {Jatowt, Adam and Duh, Kevin},
	Booktitle = {Proceedings of the 14th ACM/IEEE-CS Joint Conference on Digital Libraries},
	Keywords = {long term diachronic change},
	Organization = {IEEE Press},
	Pages = {229--238},
	Title = {A framework for analyzing semantic change of words across time},
	Year = {2014}}

@inproceedings{kim2014temporal,
	Author = {Kim, Yoon and Chiu, Yi-I and Hanaki, Kentaro and Hegde, Darshan and Petrov, Slav},
	Booktitle = {Proceedings of the ACL 2014 Workshop on Language Technologies and Computational Social Science},
	Keywords = {long term diachronic change},
	Organization = {Association for Computational Linguistics},
	Pages = {61--65},
	Title = {Temporal Analysis of Language through Neural Language Models},
	Year = {2014}}

@inproceedings{kulkarni2015statistically,
	Author = {Kulkarni, Vivek and Al-Rfou, Rami and Perozzi, Bryan and Skiena, Steven},
	Booktitle = {Proceedings of the 24th International Conference on World Wide Web},
	Keywords = {long term diachronic change},
	Organization = {ACM},
	Pages = {625--635},
	Title = {Statistically significant detection of linguistic change},
	Year = {2015}}

@inproceedings{KutuzovEtal-coling2018,
	Author = {Kutuzov, Andrey and {\O}vrelid, Lilja and Szymanski, Terrence and Velldal, Erik},
	Booktitle = {Proceedings of the 27th International Conference on Computational Linguistics (COLING)},
	Date-Added = {2018-11-26 17:19:01 +0100},
	Date-Modified = {2018-11-26 17:19:44 +0100},
	Pages = {1384--1397},
	Publisher = {Association for Computational Linguistics},
	Title = {Diachronic word embeddings and semantic shifts: a survey},
	Year = {2018},
	Bdsk-Url-1 = {http://aclweb.org/anthology/C18-1117}}

@article{frermann2016bayesian,
	Author = {Frermann, Lea and Lapata, Mirella},
	Journal = {TACL},
	Pages = {31--45},
	Title = {A Bayesian Model of Diachronic Meaning Change.},
	Volume = {4},
	Year = {2016}}

@article{levy2015improving,
	Author = {Levy, Omer and Goldberg, Yoav and Dagan, Ido},
	Journal = {Transactions of the Association for Computational Linguistics},
	Pages = {211--225},
	Title = {Improving distributional similarity with lessons learned from word embeddings},
	Volume = {3},
	Year = {2015}}

@book{manning2008introduction,
	Author = {Manning, Christopher D and Raghavan, Prabhakar and Sch{\"u}tze, Hinrich and others},
	Number = {1},
	Publisher = {Cambridge university press Cambridge},
	Title = {Introduction to information retrieval},
	Volume = {1},
	Year = {2008}}

@inproceedings{mikolov2013distributed,
	Author = {Mikolov, Tomas and Sutskever, Ilya and Chen, Kai and Corrado, Greg S and Dean, Jeff},
	Booktitle = {Advances in neural information processing systems},
	Pages = {3111--3119},
	Title = {Distributed representations of words and phrases and their compositionality},
	Year = {2013}}

@inproceedings{phillips2017intrinsic,
	Author = {Phillips, Lawrence and Shaffer, Kyle and Arendt, Dustin and Hodas, Nathan and Volkova, Svitlana},
	Booktitle = {Proceedings of the 2nd Workshop on Representation Learning for NLP},
	Pages = {201--210},
	Title = {Intrinsic and extrinsic evaluation of spatiotemporal text representations in twitter streams},
	Year = {2017}}

@inproceedings{rohrdantz2011towards,
	Author = {Rohrdantz, Christian and Hautli, Annette and Mayer, Thomas and Butt, Miriam and Keim, Daniel A and Plank, Frans},
	Booktitle = {Proceedings of the 49th Annual Meeting of the Association for Computational Linguistics: Human Language Technologies: short papers-Volume 2},
	Organization = {Association for Computational Linguistics},
	Pages = {305--310},
	Title = {Towards tracking semantic change by visual analytics},
	Year = {2011}}

@inproceedings{rotabi2017competition,
	Author = {Rotabi, Rahmtin and Danescu-Niculescu-Mizil, Cristian and Kleinberg, Jon},
	Booktitle = {Proceedings of the 26th International Conference on World Wide Web},
	Organization = {International World Wide Web Conferences Steering Committee},
	Pages = {1361--1370},
	Title = {Competition and selection among conventions},
	Year = {2017}}


@article{sagi2011tracing,
	Author = {Sagi, Eyal and Kaufmann, Stefan and Clark, Brady},
	Journal = {Current methods in historical semantics},
	Keywords = {long term diachronic change},
	Pages = {161--183},
	Title = {Tracing semantic change with latent semantic analysis},
	Year = {2011}}

@inproceedings{szymanski2017temporal,
	Author = {Szymanski, Terrence},
	Booktitle = {Proceedings of the 55th Annual Meeting of the Association for Computational Linguistics (Volume 2: Short Papers)},
	Pages = {448--453},
	Title = {Temporal Word Analogies: Identifying Lexical Replacement with Diachronic Word Embeddings},
	Volume = {2},
	Year = {2017}}

@article{stewart2018making,
  title={Making" fetch" happen: The influence of social and linguistic context on the success of lexical innovations},
  author={Stewart, Ian and Eisenstein, Jacob},
  journal={Proceedings of Conference on Empirical Methods in Natural Language Processing (EMNLP)},
  year={2018}
}

@article{tang2018state,
	Author = {Tang, Xuri},
	Journal = {arXiv preprint arXiv:1801.09872},
	Title = {A State-of-the-Art of Semantic Change Computation},
	Year = {2018}}

@inproceedings{xu2015computational,
	Author = {Xu, Yang and Kemp, Charles},
	Booktitle = {CogSci},
	Title = {A Computational Evaluation of Two Laws of Semantic Change.},
	Year = {2015}}

@book{wenger1998communities,
	Author = {Wenger, Etienne},
	Date-Added = {2017-04-12 15:36:08 +0000},
	Date-Modified = {2018-11-26 17:15:18 +0100},
	Publisher = {Cambridge University Press},
	Title = {Communities of practice: Learning, meaning, and identity},
	Year = {1998}}

@article{werth1994extended,
	Author = {Werth, Paul},
	Journal = {Language and literature},
	Number = {2},
	Pages = {79--103},
	Publisher = {SAGE Publications Sage UK: London, England},
	Title = {Extended metaphor---A text-world account},
	Volume = {3},
	Year = {1994}}

@inproceedings{wijaya2011understanding,
	Author = {Wijaya, Derry Tanti and Yeniterzi, Reyyan},
	Booktitle = {Proceedings of the 2011 international workshop on DETecting and Exploiting Cultural diversiTy on the social web},
	Keywords = {long term diachronic change},
	Organization = {ACM},
	Pages = {35--40},
	Title = {Understanding semantic change of words over centuries},
	Year = {2011}}

@inproceedings{zhang2015omnia,
	Author = {Zhang, Yating and Jatowt, Adam and Bhowmick, Sourav S and Tanaka, Katsumi},
	Booktitle = {Proc. of ACL},
	Keywords = {long term diachronic change},
	Pages = {645--655},
	Title = {Omnia Mutantur, Nihil Interit: Connecting Past with Present by Find-ing Corresponding Terms across Time},
	Year = {2015}}
